@techreport{DCOI,
        author = {Wilko Apperloo},
        title = {{XML} Basisformaat {D-Coi}: Voorstel {XML} formaat presentational markup. },
        institution = {Polderland Language and Speech Technology},
        year = {2006}
}


@inproceedings{Oostdijk+08,
        Address = {Marrakech, Morocco},
        Author = {Nelleke Oostdijk and Martin Reynaert and Paola Monachesi and Gert-Jan {Van Noord} and Roeland Ordelman and Ineke Schuurman and Vincent Vandeghinste},
        Booktitle = {Proceedings of the Sixth International Language Resources and Evaluation (LREC'08)},
        Date-Added = {2010-01-03 10:37:42 +0100},
        Date-Modified = {2010-09-14 12:53:47 +0200},
        Keywords = {ilk, corpus, Dutch, annotation, sonar, d-coi},
        Title = {From {D-Coi} to {SoNaR}: A reference corpus for Dutch},
        Year = {2008},
        Bdsk-Url-1 = {http://ilk.uvt.nl/downloads/pub/papers/365_paper.pdf}}

@misc{KYOTO,
    Author = {Eneko Agirre1 and Xabier Artola1 and Arantza {Diaz de Ilarraza1} and German
Rigau1 and Aitor Soroa1 and Wauter Bosma},
    Title = {Kyoto Annotation Format},
    Institution = {IXA group, University of the Basque Country and Computational Lexicology and Terminology Lab, VU Amsterdam},
    Year = {2009},
}

@inproceedings{ALPINO,
  author = {Gosse Bouma and Gertjan van Noord and Rob Malouf},
  booktitle = {CLIN},
  editor = {Walter Daelemans and Khalil Sima'an and Jorn Veenstra and Jakub Zavrel},
  interhash = {86e87ed558ea0ee254ba6895c2027b75},
  intrahash = {17bb79367193a58bb2aee984f0e6c028},
  pages = {45-59},
  publisher = {Rodopi},
  series = {Language and Computers - Studies in Practical Linguistics},
  title = {Alpino: Wide-coverage Computational Analysis of Dutch.},
  url = {http://dblp.uni-trier.de/db/conf/clin/clin2000.html},
  volume = 37,
  year = 2000,
  keywords = {dblp},
  added-at = {2007-01-31T00:00:00.000+0100},
  description = {dblp},
  isbn = {90-420-1257-9},
  biburl = {http://www.bibsonomy.org/bibtex/217bb79367193a58bb2aee984f0e6c028/dblp},
  date = {2007-01-31}
}


@inbook{TEI,
  added-at = {2011-08-25T16:38:36.000+0200},
  biburl = {http://www.bibsonomy.org/bibtex/234f657ef2900939b1fa0cb43e716f3ea/filologanoga},
  chapter = {{A} {Gentle} {Introduction} to {XML}},
  editor = {Burnard, Lou and Bauman, Syd},
  interhash = {b547edb07a623dc020c2831c2c8833fb},
  intrahash = {34f657ef2900939b1fa0cb43e716f3ea},
  keywords = {digitalHumanities stilisticaNeolatina tei xml},
  publisher = {Text Encoding Initiative Consortium},
  timestamp = {2011-08-25T16:38:36.000+0200},
  title = {{TEI} P5: Guidelines for Electronic Text Encoding and Interchange},
  url = {http://www.tei-c.org/release/doc/tei-p5-doc/en/html/SG.html},
  year = 2007
}

@article{TEILING,
  author    = {Maik St{\"u}hrenberg},
  title     = {The TEI and Current Standards for Structuring Linguistic Data an overview},
  journal   = {Journal of the Text Encoding Initiative},
  number    = {3},
  pages     = {1 -- 14},
  url       = {http://jtei.revues.org/523},
}

@techreport{XML,
  author = {Tim Bray and Jean Paoli Paoli and C.M. Sperberg-McQueen},
  institution = {W3C},
  interhash = {621f9a5e0aae9c022028c1d96a139f0e},
  intrahash = {6e0b21d8dc7fdc54b5af9c5ffb8c0ca4},
  title = {Extensible Markup Language {(XML)} 1.0},
  url = {http://www.w3.org/TR/1998/REC-xml-19980210},
  year = 1998,
  keywords = {specification xml},
  added-at = {2011-01-21T17:20:40.000+0100},
  biburl = {http://www.bibsonomy.org/bibtex/26e0b21d8dc7fdc54b5af9c5ffb8c0ca4/voj},
  month = {2}
}


@techreport{XPATH,
  added-at = {2012-12-15T15:39:33.000+0100},
  biburl = {http://www.bibsonomy.org/bibtex/2974774ff6b7674c18842b8cf205a15b1/voj},
  day = 16,
  editor = {Clark, James and DeRose, Steve},
  interhash = {b6715ee6b3c3f28ba036dec90d61c88b},
  intrahash = {974774ff6b7674c18842b8cf205a15b1},
  keywords = {xpath},
  month = {11},
  timestamp = {2012-12-15T15:39:33.000+0100},
  title = {XML Path Language (XPath) Version 1.0},
  type = {W3C Recommendation},
  url = {http://www.w3.org/TR/1999/REC-xpath-19991116},
  year = 1999
}

@techreport{XSLT,
  added-at = {2012-12-15T16:57:13.000+0100},
  biburl = {http://www.bibsonomy.org/bibtex/2234595c1bc23e0c0c8e8695159820b87/voj},
  editor = {Clark, James},
  howpublished = {W3C Recommendation},
  interhash = {938bb5514bf2622b8945dad2ad04f6da},
  intrahash = {234595c1bc23e0c0c8e8695159820b87},
  keywords = {xslt},
  month = {11},
  timestamp = {2012-12-15T16:57:13.000+0100},
  title = {XSL Transformations (XSLT) Version 1.0},
  url = {http://www.w3.org/TR/xslt},
  year = 1999
}

@misc{XQUERY,
  abstract = {XML is a versatile markup language, capable of labeling the information content of diverse data sources including structured and semi-structured documents, relational databases, and object repositories. A query language that uses the structure of XML intelligently can express queries across all these kinds of data, whether physically stored in XML or viewed as XML via middleware. This specification describes a query language called XQuery, which is designed to be broadly applicable across many types of XML data sources. XQuery 1.1 is an extended --- with a small number of new features --- version of the XQuery 1.0 Recommendation published on 23 January 2007. A list of changes made since XQuery 1.0 can be found in the Revision Log.},
  added-at = {2009-01-14T00:43:43.000+0100},
  author = {Chamberlin, Donald D. and Robie, Jonathan},
  biburl = {http://www.bibsonomy.org/bibtex/2717e9f14e9608b03b399003490e4525c/dret},
  description = {dret'd bibliography},
  howpublished = {World Wide Web Consortium, Working Draft WD-xquery-11-20081203},
  interhash = {08e297ddfd7348f6ecb3344f4fc32b41},
  intrahash = {717e9f14e9608b03b399003490e4525c},
  keywords = {imported},
  month = {December},
  timestamp = {2009-01-14T00:43:43.000+0100},
  title = {XQuery 1.1},
  topic = {xquery[1]},
  updates = {xquery},
  uri = {http://www.w3.org/TR/2008/WD-xquery-11-20081203},
  year = 2008
}

@techreport{XLINK,
  abstract = {This specification defines the XML Linking Language (XLink) Version 1.1, which allows elements to be inserted into XML documents in order to create and describe links between resources. It uses XML syntax to create structures that can describe links similar to the simple unidirectional hyperlinks of today's HTML, as well as more sophisticated links.},
  added-at = {2011-02-07T14:34:11.000+0100},
  author = {DeRose, Steven J. and Maler, Eve and Orchard, David and Walsh, Norman},
  biburl = {http://www.bibsonomy.org/bibtex/249bde8b07f6a59aa00886342e351a809/voj},
  day = 6,
  howpublished = {W3C Recommendation},
  interhash = {14be063790a0fc18690cd45617743760},
  intrahash = {49bde8b07f6a59aa00886342e351a809},
  keywords = {specification w3c xml},
  month = {3},
  timestamp = {2011-02-07T14:34:11.000+0100},
  title = {XML Linking Language (XLink) Version 1.1},
  url = {http://www.w3.org/TR/2010/REC-xlink11-20100506/},
  year = 2010
}

@misc{RELAXNG,
  added-at = {2007-05-29T15:45:23.000+0200},
  author = {Clark, James},
  biburl = {http://www.bibsonomy.org/bibtex/2c5de554c21278c92e1ae55621d0748c2/yeah},
  description = {My Master Thesis bibliography},
  howpublished = {Organization for the Advancement of Structured
		 Information Standards (OASIS), Committee
		 Specification},
  interhash = {af6ddd2db44ac017361ca6be370273f7},
  intrahash = {c5de554c21278c92e1ae55621d0748c2},
  keywords = {imported},
  month = {December},
  timestamp = {2007-05-29T15:45:23.000+0200},
  title = {{RELAX} {NG} Specification},
  topic = {relaxng},
    year = 2001
}

@inproceedings{CLARIN,
  author = {Odijk, Jan},
	booktitle = {Proceedings of the Seventh International Conference on Language Resources and
Evaluation, LREC-2010},
	year = 2010,
	address = {Valletta, Malta},
	pages = {48-53},
  title = {The {CLARIN-NL} Project.},
  url = {http://dblp.uni-trier.de/db/conf/lrec/lrec2010.html\#Odijk10},
  timestamp = {2010-07-21T16:07:27.000+0200},
  keywords = {dblp},
  ee = {http://www.lrec-conf.org/proceedings/lrec2010/summaries/70.html},
  added-at = {2010-07-21T16:07:27.000+0200},
  isbn = {2-9517408-6-7},
  biburl = {http://www.bibsonomy.org/bibtex/27f33b18b9e8df8c3db347e7fa9e13efd/dblp},
  date = {2010-06-02}
}



@inproceedings{DUTCHSEMCOR,
	author = {Attila G\"orog and Piek Vossen},
	title = {Computer assisted semantic annotation in the {DutchSemCor} project},
	booktitle = {Proceedings of the Seventh International Conference on Language Resoruces and
Evaluation, LREC-2010},
	year = 2010,
	address = {Valletta, Malta},
	pages = {1220-1226}
}

@article{ISOCAT,
  author = {Kemps-Snijders, Marc and Windhouwer, Menzo and Wittenburg, Peter and Wright, Sue Ellen},
  interhash = {f49456f8be0dba1339bc3808d1164114},
  intrahash = {c07c8aff6ad03b910cb8992bb2d896ba},
  journal = {IJMSO},
  number = 4,
  pages = {261-276},
  title = {{ISOcat}: remodelling metadata for language resources.},
  url = {http://dblp.uni-trier.de/db/journals/ijmso/ijmso4.html\#Kemps-SnijdersWWW09},
  volume = 4,
  year = 2009,
  timestamp = {2010-11-06T00:00:00.000+0100},
  keywords = {dblp},
  ee = {http://dx.doi.org/10.1504/IJMSO.2009.029230},
  added-at = {2010-11-06T00:00:00.000+0100},
  biburl = {http://www.bibsonomy.org/bibtex/2c07c8aff6ad03b910cb8992bb2d896ba/dblp}
}

@InProceedings{TCF,
  author = {Ulrich Heid and Helmut Schmid and Kerstin Eckart and Erhard Hinrichs},
  title = {A Corpus Representation Format for Linguistic Web Services: The D-SPIN Text Corpus Format and its Relationship with ISO Standards},
  booktitle = {Proceedings of the Seventh International Conference on Language Resources and Evaluation (LREC'10)},
  year = {2010},
  month = {may},
  date = {19-21},
  address = {Valletta, Malta},
  editor = {Nicoletta Calzolari (Conference Chair) and Khalid Choukri and Bente Maegaard and Joseph Mariani and Jan Odijk and Stelios Piperidis and Mike Rosner and Daniel Tapias},
  publisher = {European Language Resources Association (ELRA)},
  isbn = {2-9517408-6-7},
  language = {english}
 }


@article{OHCO1,
 author = {DeRose, Steven J. and Durand, David G. and Mylonas, Elli and Renear, Allen H.},
 title = {What is text, really?},
 journal = {SIGDOC Asterisk J. Comput. Doc.},
 issue_date = {August 1997},
 volume = {21},
 number = {3},
 month = aug,
 year = {1997},
 issn = {0731-1001},
 pages = {1--24},
 numpages = {24},
 url = {http://doi.acm.org/10.1145/264842.264843},
 doi = {10.1145/264842.264843},
 acmid = {264843},
 publisher = {ACM},
 address = {New York, NY, USA},
} 

@incollection{OHCO2,
  added-at = {2011-11-21T15:35:30.000+0100},
  author = {Renear, Allen and Mylonas, Elli and Durand, David},
  biburl = {http://www.bibsonomy.org/bibtex/2a7398e8c02fdee32359de097bebe6f9d/voj},
  booktitle = {Research in Humanities Computing},
  editor = {Ide, Nancy and Hockey, Susan},
  interhash = {128d154d1c7e22ff3654b81eaf8d0fb1},
  intrahash = {a7398e8c02fdee32359de097bebe6f9d},
  isbn = {0-19-823547-X},
  keywords = {OHCO markup},
  pages = {263--280},
  publisher = {Clarendon Press},
  timestamp = {2011-11-21T15:35:30.000+0100},
  title = {Refining our Notion of What Text Really Is: The Problem of Overlapping Hierarchies},
  volume = 4,
  year = 1996
}


@InProceedings{CLARINDEV12,
  author = {Jan Odijk},
  title = {Recent Developments in CLARIN-NL},
  booktitle = {Proceedings of the Eight International Conference on Language Resources and Evaluation (LREC'12)},
  year = {2012},
  month = {may},
  date = {23-25},
  address = {Istanbul, Turkey},
  editor = {Nicoletta Calzolari (Conference Chair) and Khalid Choukri and Thierry Declerck and Mehmet Uğur Doğan and Bente Maegaard and Joseph Mariani and Jan Odijk and Stelios Piperidis},
  publisher = {European Language Resources Association (ELRA)},
  isbn = {978-2-9517408-7-7},
  language = {english}
 }

@inproceedings{CLARINNL,
  added-at = {2010-07-21T16:07:27.000+0200},
  author = {Odijk, Jan},
  biburl = {http://www.bibsonomy.org/bibtex/27f33b18b9e8df8c3db347e7fa9e13efd/dblp},
  booktitle = {LREC},
  date = {2010-06-02},
  editor = {Calzolari, Nicoletta and Choukri, Khalid and Maegaard, Bente and Mariani, Joseph and Odijk, Jan and Piperidis, Stelios and Rosner, Mike and Tapias, Daniel},
  ee = {http://www.lrec-conf.org/proceedings/lrec2010/summaries/70.html},
  interhash = {1b8a1cd36fbbf6b383b19e20e6059f24},
  intrahash = {7f33b18b9e8df8c3db347e7fa9e13efd},
  isbn = {2-9517408-6-7},
  keywords = {dblp},
  publisher = {European Language Resources Association},
  timestamp = {2010-07-21T16:07:27.000+0200},
  title = {The CLARIN-NL Project.},
  url = {http://dblp.uni-trier.de/db/conf/lrec/lrec2010.html\#Odijk10},
  year = 2010
}

@article{LAF,
  added-at = {2012-03-26T00:00:00.000+0200},
  author = {Ide, Nancy and Romary, Laurent},
  biburl = {http://www.bibsonomy.org/bibtex/200b657f0fd678d7b996f6430f6f60436/dblp},
  ee = {http://dx.doi.org/10.1017/S135132490400350X},
  interhash = {4fa9be54c8be0a932d63b0e7ba172cd0},
  intrahash = {00b657f0fd678d7b996f6430f6f60436},
  journal = {Natural Language Engineering},
  keywords = {dblp},
  number = {3-4},
  pages = {211-225},
  timestamp = {2012-03-26T00:00:00.000+0200},
  title = {International standard for a linguistic annotation framework.},
  url = {http://dblp.uni-trier.de/db/journals/nle/nle10.html\#IdeR04},
  volume = 10,
  year = 2004
}

@inproceedings{IDE06,
    author = {Nancy Ide and Laurent Romary},
    title = {Representing Linguistic Corpora and Their Annotations},
    booktitle = {Proceedings of the Fifth Language Resources and Evaluation Conference (LREC)},
    year = {2006}
}

@inproceedings{GRAF,
 author = {Ide, Nancy and Suderman, Keith},
 title = {GrAF: a graph-based format for linguistic annotations},
 booktitle = {Proceedings of the Linguistic Annotation Workshop},
 series = {LAW '07},
 year = {2007},
 location = {Prague, Czech Republic},
 pages = {1--8},
 numpages = {8},
 url = {http://dl.acm.org/citation.cfm?id=1642059.1642060},
 acmid = {1642060},
 publisher = {Association for Computational Linguistics},
 address = {Stroudsburg, PA, USA},
} 

@inproceedings{MAPPINGTOGRAF,
 author = {Ide, Nancy and Bunt, Harry},
 title = {Anatomy of annotation schemes: mapping to GrAF},
 booktitle = {Proceedings of the Fourth Linguistic Annotation Workshop},
 series = {LAW IV '10},
 year = {2010},
 isbn = {978-1-932432-72-5},
 location = {Uppsala, Sweden},
 pages = {247--255},
 numpages = {9},
 url = {http://dl.acm.org/citation.cfm?id=1868720.1868760},
 acmid = {1868760},
 publisher = {Association for Computational Linguistics},
 address = {Stroudsburg, PA, USA},
} 

@inproceedings{CMDI,
    author = {Broeder, Daan and Schonefeld, Oliver and Trippel, Thorsten and Van Uytvanck, Dieter and Witt, Andreas},
    booktitle = {Balisage: The Markup Conference 2011},
    citeulike-article-id = {9861691},
    citeulike-linkout-0 = {http://www.balisage.net/Proceedings/vol7/html/Broeder01/BalisageVol7-Broeder01.html},
    journal = {Balisage Series on Markup Technologies},
    posted-at = {2011-10-07 11:11:32},
    priority = {2},
    title = {{A pragmatic approach to XML interoperability — the Component Metadata Infrastructure (CMDI)}},
    url = {http://www.balisage.net/Proceedings/vol7/html/Broeder01/BalisageVol7-Broeder01.html},
    volume = {7},
    year = {2011}
}

@InProceedings{CMDI2,
  author = {Daan Broeder and Dieter van Uytvanck and Maria Gavrilidou and Thorsten Trippel and Menzo Windhouwer},
  title = {Standardizing a Component Metadata Infrastructure},
  booktitle = {Proceedings of the Eight International Conference on Language Resources and Evaluation (LREC'12)},
  year = {2012},
  month = {may},
  date = {23-25},
  address = {Istanbul, Turkey},
  editor = {Nicoletta Calzolari (Conference Chair) and Khalid Choukri and Thierry Declerck and Mehmet Uğur Doğan and Bente Maegaard and Joseph Mariani and Jan Odijk and Stelios Piperidis},
  publisher = {European Language Resources Association (ELRA)},
  isbn = {978-2-9517408-7-7},
  language = {english}
 }

@techreport{FOLIA, 
    author= {Maarten van Gompel},
    title = {FoLiA: Format for Linguistic Annotation. Documentation},
    institution = {Tilburg Centre for Cognition and Communication, Tilburg University and Radboud Centre for Language Studies, Radboud University Nijmegen},
    booktitle = {ILK Technical Report 12-03},
    url = {http://ilk.uvt.nl/downloads/pub/papers/ilk.1203.pdf},
    year = 2012
}


@techreport{UCTO, 
    author= {Maarten van Gompel and Ko van der Sloot and Antal van den Bosch},
    title = {Ucto: Unicode Tokeniser. Reference Guide},
    institution = {Tilburg Centre for Cognition and Communication, Tilburg University and Radboud Centre for Language Studies, Radboud University Nijmegen},
    booktitle = {ILK Technical Report 12-05},
    url = {http://ilk.uvt.nl/downloads/pub/papers/ilk.1205.pdf},
    year = 2012
}

@InProceedings{prze09,
  author =       "Adam Przepiórkowski",
  title =        "{TEI P5} as an {XML} Standard for Treebank Encoding",
  crossref =     "pas:etal:09:ed",
  pages =        "149--160",
  year =         2009}

@Proceedings{pas:etal:09:ed,
  title =        "Proceedings of the Eighth International Workshop on
                  Treebanks and Linguistic Theories ({TLT\,8})",
  booktitle =    "Proceedings of the Eighth International Workshop on
                  Treebanks and Linguistic Theories ({TLT\,8})",
  editor =       "Marco Passarotti and Adam Przepiórkowski and Savina
                  Raynaud and Van Eynde, Frank",
  year =         2009,
  address =      "Milan, Italy"}

@inproceedings{TIGER,
 author = {K\"{o}nig, Esther and Lezius, Wolfgang},
 title = {A description language for syntactically annotated corpora},
 booktitle = {Proceedings of the 18th conference on Computational linguistics - Volume 2},
 series = {COLING '00},
 year = {2000},
 location = {Saarbr\"{u}cken, Germany},
 pages = {1056--1060},
 numpages = {5},
 url = {http://dx.doi.org/10.3115/992730.992804},
 doi = {10.3115/992730.992804},
 acmid = {992804},
 publisher = {Association for Computational Linguistics},
 address = {Stroudsburg, PA, USA},
} 

@inproceedings{TIGER2,
    hal_id = {hal-00765413},
    url = {http://hal.inria.fr/hal-00765413},
    title = {{[tiger2] As a standardized serialisation for ISO 24615 - SynAF}},
    author = {Bosch, Sonja and Choi, S., K. and Villemonte De La Clergerie, {\'E}ric and Chengyu Fang, Alex and Faass, Gertrud and Lee, Kiyong and Pareja-Lora, Antonio and Romary, Laurent and Witt, Andreas and Zeldes, Amir and Zipser, Florian},
    abstract = {{This paper presents the application of the format to various linguistic scenarios with the aim of making it the standard serialisation for the ISO 24615 (SynAF) standard. After outlining the main characteristics of both the SynAF metamodel and the format, as extended from the initial Tiger XML format (König \& Lezius, 2000), we show through a range of different language families how covers a variety of constituency and dependency based analyses.}},
    language = {Anglais},
    affiliation = {university of south africa - UNISA , Department of Computer Science [KAIST] - CS , ALPAGE - INRIA Rocquencourt , Department of Chinese, Translation and Linguistics , university of Hildersheim , Department of Linguistics , Facultad de Informatica , Institut f{\"u}r Deutsche Sprache und Linguistik - IDSL , INRIA Saclay - Ile de France - INRIA Saclay - Ile de France , Institut f{\"u}r Deutsche Sprache - IDS},
    booktitle = {{TLT11 - 11th international workshop on Treebanks and Linguistic Theories - 2012}},
    publisher = {Edi{\c c}oes Colibri},
    pages = {37-60},
    address = {Lisbon, Portugal},
    editor = {Hendrickx, Iris and K{\"u}bler, Sandra and Simov, Kiril },
    audience = {internationale },
    year = {2012},
    month = Nov,
    pdf = {http://hal.inria.fr/hal-00765413/PDF/TLT-SynAF2-Tiger2-1.pdf},
}

@inproceedings{TEICORPUSANNOT,
  author = {Ba\'nski, Piotr and Adam Przepi\'orkowski},
  title = {{TEI P5} as a {Text Encoding Standard} for {Multilevel Corpus
    Annotation}},
  booktitle = {{Digital Humaities 2012 Conference Abstracts}},
  pages = {98-100},
  url = {http://dh2010.cch.kcl.ac.uk/academic-programme/abstracts/papers/pdf/ab-616.pdf},
  year = {2010}
}

@INPROCEEDINGS{XCES,
    author = {Nancy Ide and Patrice Bonhomme and Laurent Romary},
    title = {XCES: An XML-based Encoding Standard for Linguistic Corpora},
    booktitle = {Proceedings of the Second International Language Resources and Evaluation Conference. Paris: European Language Resources Association},
    year = {2000}
}

@techreport{PAULA,
    hal_id = {hal-00783716},
    url = {http://hal.inria.fr/hal-00783716},
    title = {{PAULA XML Documentation}},
    author = {Zeldes, Amir and Zipser, Florian and Neumann, Arne},
    abstract = {{PAULA XML or PAULA for short (Potsdamer AUstauschformat Linguistischer Annotationen, 'Potsdam Exchange Format for Linguistic Annotations') is a standoff XML format designed to represent a wide range of linguistically annotated textual and multi-modal corpora. The format was created at Potsdam University and developed within SFB 632, the collaborative research centre "Information Structure", subproject D1, "Linguistic Database" at Potsdam University and Humboldt- Universit{\"a}t zu Berlin. The description below represents the normative documentation for PAULA version 1.1, with some notes on previous versions of PAULA. For the latest documentation always check the PAULA Website which also contains an online HTML version of this documentation.}},
    keywords = {PAULA, XML, format, schema, linguistic format, linguistic datamodel},
    language = {Anglais},
    affiliation = {Institut f{\"u}r Deutsche Sprache und Linguistik - IDSL , INRIA Saclay - Ile de France - INRIA Saclay - Ile de France , Universit{\"a}t Potsdam},
    pages = {38},
    type = {Rapport de recherche},
    year = {2013},
    month = Jan,
    pdf = {http://hal.inria.fr/hal-00783716/PDF/PAULA\_P1.1.2013.1.21a.pdf},
}

@proceedings{lrec2010,
  editor    = {Nicoletta Calzolari and
               Khalid Choukri and
               Bente Maegaard and
               Joseph Mariani and
               Jan Odijk and
               Stelios Piperidis and
               Mike Rosner and
               Daniel Tapias},
  title     = {Proceedings of the International Conference on Language
               Resources and Evaluation, LREC 2010, 17-23 May 2010, Valletta,
               Malta},
  booktitle = {LREC},
  publisher = {European Language Resources Association},
  year      = {2010},
  isbn      = {2-9517408-6-7},
  ee        = {http://www.lrec-conf.org/proceedings/lrec2010/index.html},
  bibsource = {DBLP, http://dblp.uni-trier.de}
}

@proceedings{lrec2008,
  title     = {Proceedings of the International Conference on Language
               Resources and Evaluation, LREC 2008, 26 May - 1 June 2008,
               Marrakech, Morocco},
  booktitle = {LREC},
  publisher = {European Language Resources Association},
  year      = {2008},
  ee        = {http://www.lrec-conf.org/proceedings/lrec2008/},
  bibsource = {DBLP, http://dblp.uni-trier.de}
}

@article{MAF,
  title={MAF: a morphosyntactic annotation framework},
  author={de la Clergerie, {\'E}ric and Cl{\'e}ment, Lionel},
  journal={Actes de LTC},
  pages={90--94},
  year={2005}
}

@inproceedings{SYNAF,
  added-at = {2010-07-21T16:07:37.000+0200},
  author = {Declerck, Thierry},
  biburl = {http://www.bibsonomy.org/bibtex/2aa98148d77f1241c78c45a88ecdc3b56/dblp},
  booktitle     = {Proceedings of the International Conference on Language
               Resources and Evaluation, LREC 2008, 26 May - 1 June 2008,
               Marrakech, Morocco},
  date = {2010-06-04},
  ee = {http://www.lrec-conf.org/proceedings/lrec2008/summaries/770.html},
  interhash = {e29198f31910c05670c795f9cb5e872d},
  intrahash = {aa98148d77f1241c78c45a88ecdc3b56},
  keywords = {dblp},
  publisher = {European Language Resources Association},
  timestamp = {2010-07-21T16:07:37.000+0200},
  title = {A Framework for Standardized Syntactic Annotation.},
  url = {http://dblp.uni-trier.de/db/conf/lrec/lrec2008.html\#Declerck08},
  year = 2008
}

@inproceedings{WEBLICHT,
  added-at = {2010-07-21T16:07:27.000+0200},
  author = {Hinrichs, Marie and Zastrow, Thomas and Hinrichs, Erhard W.},
  biburl = {http://www.bibsonomy.org/bibtex/2efd2d290e470b0fc8c6f22bf1ce1017f/dblp},
  title     = {Proceedings of the International Conference on Language
               Resources and Evaluation, LREC 2010, 17-23 May 2010, Valletta,
               Malta},
  date = {2010-06-02},
  editor    = {Nicoletta Calzolari and
               Khalid Choukri and
               Bente Maegaard and
               Joseph Mariani and
               Jan Odijk and
               Stelios Piperidis and
               Mike Rosner and
               Daniel Tapias},
  ee = {http://www.lrec-conf.org/proceedings/lrec2010/summaries/270.html},
  interhash = {b0661265d15c6cdf5a882e7b88accd29},
  intrahash = {efd2d290e470b0fc8c6f22bf1ce1017f},
  isbn = {2-9517408-6-7},
  keywords = {dblp},
  publisher = {European Language Resources Association},
  timestamp = {2010-07-21T16:07:27.000+0200},
  title = {WebLicht: Web-based LRT Services in a Distributed eScience Infrastructure.},
  url = {http://dblp.uni-trier.de/db/conf/lrec/lrec2010.html\#HinrichsZH10},
  year = 2010
}

